@article{linguistics,
  author =       "Daniel Weber and others",
  title =        "Resistin Induces Epithelial to Mesenchymal Transition (EMT) in Breast Cancer Cells through Activation of AXL Tyrosine Kinase Receptor",
  journal =      "Journal of the Endocrine Society",
  year =         "2019",
  DOI =          "https://doi.org/10.1210/js.2019-SAT-335"
}

@article{ml,
  author =       "Dimiter Avtanski and Aaron Lavi and Kajol Bahl and Melanie Kaiser and Daniel Weber and others",
  title =        "Proinflammatory Cytokines Modulate Resistin Expression in Breast Cancer Cells",
  journal =      "Endocrine Society",
  year =         "2019",
  DOI =          "https://doi.org/10.1210/js.2019-SAT-334"
}
